<marcxml:record xmlns:marcxml="http://www.loc.gov/MARC21/slim" xmlns:mets="http://www.loc.gov/METS/" xmlns:bf="http://id.loc.gov/ontologies/bibframe/" xmlns:bflc="http://id.loc.gov/ontologies/bflc/" xmlns:madsrdf="http://www.loc.gov/mads/rdf/v1#" xmlns:rdf="http://www.w3.org/1999/02/22-rdf-syntax-ns#" xmlns:ri="http://id.loc.gov/ontologies/RecordInfo#" xmlns:idx="info:lc/xq-modules/lcindex" xmlns:semtriples="http://marklogic.com/semantic" xmlns:xsi="http://www.w3.org/2001/XMLSchema-instance" xmlns:xlink="http://www.w3.org/1999/xlink" xmlns:streams="info:lc/streams#">
  <marcxml:leader>01233cam a2200277 a 4500</marcxml:leader>
  <marcxml:controlfield tag="001">12775074</marcxml:controlfield>
  <marcxml:controlfield tag="005">20030917072338.0</marcxml:controlfield>
  <marcxml:controlfield tag="008">020515s2003    pau      b    001 0 eng  </marcxml:controlfield>
  <marcxml:datafield tag="906" ind1=" " ind2=" ">
    <marcxml:subfield code="a">7</marcxml:subfield>
    <marcxml:subfield code="b">cbc</marcxml:subfield>
    <marcxml:subfield code="c">orignew</marcxml:subfield>
    <marcxml:subfield code="d">1</marcxml:subfield>
    <marcxml:subfield code="e">ecip</marcxml:subfield>
    <marcxml:subfield code="f">20</marcxml:subfield>
    <marcxml:subfield code="g">y-gencatlg</marcxml:subfield>
  </marcxml:datafield>
  <marcxml:datafield tag="925" ind1="0" ind2=" ">
    <marcxml:subfield code="a">acquire</marcxml:subfield>
    <marcxml:subfield code="b">2 shelf copies</marcxml:subfield>
    <marcxml:subfield code="x">policy default</marcxml:subfield>
  </marcxml:datafield>
  <marcxml:datafield tag="955" ind1=" " ind2=" ">
    <marcxml:subfield code="a">lh38 2002-05-15</marcxml:subfield>
    <marcxml:subfield code="c">lh38 2002-05-15</marcxml:subfield>
    <marcxml:subfield code="d">lh06 2002-05-15</marcxml:subfield>
    <marcxml:subfield code="e">lk13 2002-05-16 to Dewey</marcxml:subfield>
    <marcxml:subfield code="a">aa15 2002-05-18</marcxml:subfield>
    <marcxml:subfield code="a">ps16 2002-10-28 bk rec'd, to CIP ver.</marcxml:subfield>
    <marcxml:subfield code="f">lg20 2002-10-31;</marcxml:subfield>
    <marcxml:subfield code="e">lg113 2002-11-19 to BCCD;</marcxml:subfield>
    <marcxml:subfield code="g">lg13 2002-11-19 to BCCD</marcxml:subfield>
    <marcxml:subfield code="a">uf19 2003-03-13 1 copy to CIP</marcxml:subfield>
  </marcxml:datafield>
  <marcxml:datafield tag="010" ind1=" " ind2=" ">
    <marcxml:subfield code="a">  2002007535</marcxml:subfield>
  </marcxml:datafield>
  <marcxml:datafield tag="020" ind1=" " ind2=" ">
    <marcxml:subfield code="a">0791070492</marcxml:subfield>
  </marcxml:datafield>
  <marcxml:datafield tag="040" ind1=" " ind2=" ">
    <marcxml:subfield code="a">DLC</marcxml:subfield>
    <marcxml:subfield code="c">DLC</marcxml:subfield>
    <marcxml:subfield code="d">DLC</marcxml:subfield>
  </marcxml:datafield>
  <marcxml:datafield tag="050" ind1="0" ind2="0">
    <marcxml:subfield code="a">PR6015.U9</marcxml:subfield>
    <marcxml:subfield code="b">B6724 2003</marcxml:subfield>
  </marcxml:datafield>
  <marcxml:datafield tag="082" ind1="0" ind2="0">
    <marcxml:subfield code="a">823/.912</marcxml:subfield>
    <marcxml:subfield code="2">21</marcxml:subfield>
  </marcxml:datafield>
  <marcxml:datafield tag="245" ind1="0" ind2="0">
    <marcxml:subfield code="a">Aldous Huxley's Brave new world /</marcxml:subfield>
    <marcxml:subfield code="c">edited and with an introduction by Harold Bloom.</marcxml:subfield>
  </marcxml:datafield>
  <marcxml:datafield tag="246" ind1="3" ind2="0">
    <marcxml:subfield code="a">Brave new world</marcxml:subfield>
  </marcxml:datafield>
  <marcxml:datafield tag="260" ind1=" " ind2=" ">
    <marcxml:subfield code="a">Philadelphia :</marcxml:subfield>
    <marcxml:subfield code="b">Chelsea House Publishers,</marcxml:subfield>
    <marcxml:subfield code="c">c2003.</marcxml:subfield>
  </marcxml:datafield>
  <marcxml:datafield tag="300" ind1=" " ind2=" ">
    <marcxml:subfield code="a">vii, 165 p. ;</marcxml:subfield>
    <marcxml:subfield code="c">25 cm.</marcxml:subfield>
  </marcxml:datafield>
  <marcxml:datafield tag="440" ind1=" " ind2="0">
    <marcxml:subfield code="a">Bloom's modern critical interpretations</marcxml:subfield>
  </marcxml:datafield>
  <marcxml:datafield tag="504" ind1=" " ind2=" ">
    <marcxml:subfield code="a">Includes bibliographical references (p. 153-155) and index.</marcxml:subfield>
  </marcxml:datafield>
  <marcxml:datafield tag="600" ind1="1" ind2="0">
    <marcxml:subfield code="a">Huxley, Aldous,</marcxml:subfield>
    <marcxml:subfield code="d">1894-1963.</marcxml:subfield>
    <marcxml:subfield code="t">Brave new world.</marcxml:subfield>
  </marcxml:datafield>
  <marcxml:datafield tag="650" ind1=" " ind2="0">
    <marcxml:subfield code="a">Dystopias in literature.</marcxml:subfield>
  </marcxml:datafield>
  <marcxml:datafield tag="700" ind1="1" ind2=" ">
    <marcxml:subfield code="a">Bloom, Harold.</marcxml:subfield>
  </marcxml:datafield>
  <marcxml:datafield tag="856" ind1="4" ind2="1">
    <marcxml:subfield code="3">Table of contents</marcxml:subfield>
    <marcxml:subfield code="u">http://www.loc.gov/catdir/toc/fy038/2002007535.html</marcxml:subfield>
  </marcxml:datafield>
</marcxml:record>
